@article{Author2024,
  author    = {First Last},
  title     = {Title of the Paper},
  journal   = {Journal Name},
  year      = {2024},
  volume    = {12},
  number    = {5},
  pages     = {100-110},
  doi       = {10.1000/abcd1234}
}